%% This BibTeX bibliography file was created using BibDesk.
%% http://bibdesk.sourceforge.net/

%% Created for Idit Keidar at 2018-08-28 12:36:28 +0300 

@article{accordion,
  author    = {Edward Bortnikov and
               Anastasia Braginsky and
               Eshcar Hillel and
               Idit Keidar and
               Gali Sheffi},
  title     = {Accordion: Better Memory Organization for {LSM} Key-Value Stores},
  journal   = {{PVLDB}},
  volume    = {11},
  number    = {12},
  pages     = {1863--1875},
  year      = {2018},
  url       = {http://www.vldb.org/pvldb/vol11/p1863-bortnikov.pdf},
  doi       = {10.14778/3229863.3229873},
}

@misc{DruidSketches,
	Howpublished = {\url{https://druid.apache.org/docs/latest/development/extensions-core/datasketches-extension.html}},
	Title = {Druid DataSketches extension},
	Year = {2018}}

@misc{HbaseOffheapWritePath,
	Howpublished = {\url{https://hbase.apache.org/book.html\#regionserver.offheap.writepath}},
	Title = {HBase Offheap write path},
	Year = {2018}}
	
@misc{HbaseSizeTracking,
	Author = {Anoop Sam John},
	Title = {Track memstore data size and heap overhead separately}, 
	Howpublished = {\url{https://issues.apache.org/jira/browse/HBASE-16747}},
	Year = {2017}}
	
	
@article{hbase,
	Howpublished = {\url{http://hbase.apache.org/}},
	Month = apr,
	Title = {Apache HBase, a distributed, scalable, big data store},
	year = {2014}}
	
@article{cassandra,
	Author = {Lakshman, Avinash and Malik, Prashant},
	Issue_Date = {April 2010},
	Journal = {SIGOPS Oper. Syst. Rev.},
	Month = apr,
	Number = {2},
	Pages = {35--40},
	Title = {Cassandra: A Decentralized Structured Storage System},
	Volume = {44},
	Year = {2010}}

@inproceedings{Sagiv:1985,
 author = {Sagiv, Yehoshua},
 title = {Concurrent Operations on B-trees with Overtaking},
 booktitle = {Proceedings of the Fourth ACM SIGACT-SIGMOD Symposium on Principles of Database Systems},
 series = {PODS '85},
 year = {1985},
 isbn = {0-89791-153-9},
 location = {Portland, Oregon, USA},
 pages = {28--37},
 numpages = {10},
 url = {http://doi.acm.org/10.1145/325405.325409},
 doi = {10.1145/325405.325409},
 acmid = {325409},
 publisher = {ACM},
 address = {New York, NY, USA},
} 

@custom{off-heap-cassandra,
title = "Off-heap memtables in Cassandra 2.1", 
	Howpublished = "\url{https://www.datastax.com/dev/blog/off-heap-memtables-in-cassandra-2-1}",
	year = {2018}
}

@misc{off-heap-alibaba,	
title = {Offheap read-path in production the {A}libaba story}, 
Howpublished = {\url{https://blog.cloudera.com/blog/2017/03/}},
year = {2018}
}

@custom{analytics-market,
title = {In-Memory Analytics Market worth 3.85 Billion USD by 2022 (retrieved October 2018)}, 
howpublished={\url{https://www.marketsandmarkets.com/PressReleases/in-memory-analytics.asp}},
Year = {2018}
}

@misc{alliedmarketresearch,
	Date-Added = {2018-12-25 14:09:16 +0200},
	Date-Modified = {2018-12-25 14:16:23 +0200},
	Howpublished = {{https://www.alliedmarketresearch.com/press-release/NoSQL-market-is-expected-to-reach-4-2-billion-globally-by-2020-allied-market-research.html}},
	Lastchecked = {Dec 2018},
	Title = {{NoSQL} Market is Expected to Reach \$4.2 Billion, Globally, by 2020}}


%% Saved with string encoding Unicode (UTF-8) 

@article{Merritt:2017:CLM:3186728.3164142,
 author = {Merritt, Alexander and Gavrilovska, Ada and Chen, Yuan and Milojicic, Dejan},
 title = {Concurrent Log-structured Memory for Many-core Key-value Stores},
 journal = {Proc. VLDB Endow.},
 issue_date = {December 2017},
 volume = {11},
 number = {4},
 month = dec,
 year = {2017},
 issn = {2150-8097},
 pages = {458--471},
 numpages = {14},
 doi = {10.1145/3164135.3164142},
 acmid = {3164142},
 publisher = {VLDB Endowment},
} 

@inproceedings{kiwi,
	Acmid = {3018761},
	Author = {Basin, Dmitry and Bortnikov, Edward and Braginsky, Anastasia and Golan-Gueta, Guy and Hillel, Eshcar and Keidar, Idit and Sulamy, Moshe},
	Booktitle = {PPoPP'17},
	Doi = {10.1145/3018743.3018761},
	Isbn = {978-1-4503-4493-7},
	Keywords = {lock-free key-value map, wait-free atomic scans},
	Location = {Austin, Texas, USA},
	Numpages = {13},
	Title = {KiWi: A Key-Value Map for Scalable Real-Time Analytics},
	Year = {2017}
	}

@inproceedings{epoch-based,
	Acmid = {676105},
	Author = {Harris, Timothy L.},
	Booktitle = {DISC '01},
	Isbn = {3-540-42605-1},
	Numpages = {15},
	Pages = {300--314},
	Title = {A Pragmatic Implementation of Non-blocking Linked-Lists},
	Year = {2001}
	}

@inproceedings{chunks,
	Acmid = {1946153},
	Author = {Braginsky, Anastasia and Petrank, Erez},
	Booktitle = {ICDCN'11},
	Isbn = {3-642-17678-X, 978-3-642-17678-4},
	Location = {Bangalore, India},
	Numpages = {12},
	Pages = {107--118},
	Title = {Locality-conscious Lock-free Linked Lists},
	Year = {2011}
	}

@inproceedings{Braginsky-BTree,
	Acmid = {2312016},
	Author = {Braginsky, Anastasia and Petrank, Erez},
	Booktitle = {SPAA '12},
	Doi = {10.1145/2312005.2312016},
	Isbn = {978-1-4503-1213-4},
	Keywords = {B+tree, concurrent data structures, lock-freedom, parallel programming, progress guarantee},
	Location = {Pittsburgh, Pennsylvania, USA},
	Numpages = {10},
	Pages = {58--67},
	Title = {A Lock-free B+Tree},
	Year = {2012}
}

@inproceedings{index-1,
	Author = {Anastasia Braginsky and Nachshon Cohen and Erez Petrank},
	Booktitle = {Euro-Par},
	Title = {CBPQ: High Performance Lock-Free Priority Queue},
	Year = {2016}
	}

@book{the-art-of,
	Author = {Herlihy, Maurice and Shavit, Nir},
	Isbn = {0123705916, 9780123705914},
	Publisher = {Morgan Kaufmann Publishers},
	Title = {The Art of Multiprocessor Programming},
	Year = {2008}}

@inproceedings{index-2,
	Acmid = {1760646},
	Author = {Herlihy, Maurice and Lev, Yossi and Luchangco, Victor and Shavit, Nir},
	Booktitle = {SIROCCO'07},
	Isbn = {978-3-540-72918-1},
	Location = {Castiglioncello, LI, Italy},
	Numpages = {15},
	Title = {A Simple Optimistic Skiplist Algorithm},
	Year = {2007}
	}

@inproceedings{transactional-lib,
	Acmid = {2908112},
	Author = {Spiegelman, Alexander and Golan-Gueta, Guy and Keidar, Idit},
	Booktitle = {PLDI '16},
	Doi = {10.1145/2908080.2908112},
	Isbn = {978-1-4503-4261-2},
	Keywords = {Concurrency, data structures, semantics, transactions},
	Location = {Santa Barbara, CA, USA},
	Numpages = {15},
	Pages = {682--696},
	Title = {Transactional Data Structure Libraries},
	Year = {2016}
	}

@inproceedings{rcu,
	Acmid = {2611471},
	Address = {New York, NY, USA},
	Author = {Arbel, Maya and Attiya, Hagit},
	Booktitle = {Proceedings of the 2014 ACM Symposium on Principles of Distributed Computing},
	Doi = {10.1145/2611462.2611471},
	Isbn = {978-1-4503-2944-6},
	Keywords = {internal search tree, read-copy-update, shared memory},
	Location = {Paris, France},
	Numpages = {10},
	Pages = {196--205},
	Publisher = {ACM},
	Series = {PODC '14},
	Title = {Concurrent Updates with RCU: Search Tree As an Example},
	Year = {2014}
}

@misc{elastic32GB,
	Howpublished = {\url{https://www.elastic.co/guide/en/elasticsearch/guide/current/heap-sizing.html\#compressed_oops}},
	Key = {Elastic search},
	Title = {Heap: Sizing and Swapping (retrieved September 2018)}
	}

@misc{JavaSkipList,
	Date-Modified = {2018-08-28 12:35:22 +0300},
	Howpublished = {\url{https://docs.oracle.com/javase/8/docs/api/java/util/concurrent/ConcurrentSkipListMap.html}},
	Key = {Java Concurrent Skip List Map},
	Year = {1993}
	}

@misc{JavaStream,
	Date-Modified = {2018-08-28 12:35:22 +0300},
	Howpublished = {\url{https://docs.oracle.com/javase/8/docs/api/java/util/stream/package-summary.htmll}},
	Key = {Java Stream Package},
	Year = {2018}
	} 
	
@misc{MapDB,
	Date-Modified = {2018-08-28 12:35:22 +0300},
	Howpublished = {\url{http://www.mapdb.org/}},
	Key = {Java Maps, Sets, Lists, Queues and other collections backed by off-heap or on-disk storage},
	Year = {2019}
	}
	
@misc{JavaConcurrentNavigableMap,
	Date-Modified = {2018-08-28 12:35:22 +0300},
	Howpublished = {\url{https://docs.oracle.com/javase/8/docs/api/java/util/concurrent/ConcurrentNavigableMap.html}},
	Key = {Java Concurrent Navigable Map},
	Year = {2018}
	}
	
@misc{JavaReentrantReadWriteLock,
	Date-Modified = {2018-08-28 12:36:01 +0300},
	Howpublished = {\url{https://docs.oracle.com/javase/8/docs/api/java/util/concurrent/locks/ReentrantReadWriteLock.html}},
	Key = {Java Reentrant Read Write Lock},
	Year = {1993}
	}

@misc{OakOpenSource,
	Date-Modified = {2018-08-28 12:34:35 +0300},
	Howpublished = {\url{https://github.com/xxx/Oak}},
	Key = {Oak Repository},
	Title = {Oak Open-Source Repository (anonymized for blind review)},
	Year = {2018}
	}

@misc {memcached,
title = {Memcached, an open source, high-performance, distributed memory object caching system},
month = dec,
year={2018},
howpublished= "\url{https://memcached.org/}"
}

@misc {elasticsearch,
title = {Elasticsearch: Open Source Search and Analytics},
month = dec,
year={2018},
howpublished= "\url{https://elastic.co/}"
}

@article{Bigtable2008,
	Author = {Chang, Fay and Dean, Jeffrey and Ghemawat, Sanjay and Hsieh, Wilson C. and Wallach, Deborah A. and Burrows, Mike and Chandra, Tushar and Fikes, Andrew and Gruber, Robert E.},
	Issn = {0734-2071},
	Journal = {ACM Trans. Comput. Syst.},
	Month = jun,
	Number = {2},
	Pages = {4:1--4:26},
	Title = {Bigtable: A Distributed Storage System for Structured Data},
	Volume = {26},
	Year = {2008}}

@misc{dram-prices,
	Howpublished = {\url{https://www.statista.com/statistics/298821/dram-average-unit-price/}},
	Title = {{Average selling price of DRAM 1Gb equivalent units from 2009 to 2017 (in U.S. dollars)}},
	Year = {2018}}

@misc{JConsole,
	Date-Modified = {2018-08-28 12:36:27 +0300},
	Howpublished = {\url{://docs.oracle.com/javase/8/docs/technotes/guides/management/jconsole.html}},
	Key = {JConsole},
	Year = {1993}
	}

@inproceedings{Synchrobench,
	Acmid = {2688501},
	Address = {New York, NY, USA},
	Author = {Gramoli, Vincent},
	Booktitle = {Proceedings of the 20th ACM SIGPLAN Symposium on Principles and Practice of Parallel Programming},
	Doi = {10.1145/2688500.2688501},
	Isbn = {978-1-4503-3205-7},
	Keywords = {Benchmark, data structure, lock-freedom, reusability},
	Location = {San Francisco, CA, USA},
	Numpages = {10},
	Pages = {1--10},
	Publisher = {ACM},
	Series = {PPoPP 2015},
	Title = {More Than You Ever Wanted to Know About Synchronization: Synchrobench, Measuring the Impact of the Synchronization on Concurrent Algorithms},
	Year = {2015}
	}

@article{cormode2012,
	Acmid = {2344401},
	Author = {Cormode, Graham and Garofalakis, Minos and Haas, Peter J. and Jermaine, Chris},
	Doi = {10.1561/1900000004},
	Issn = {1931-7883},
	Issue_Date = {January 2012},
	Journal = {Found. Trends databases},
	Month = jan,
	Numpages = {294},
	Pages = {1--294},
	Title = {Synopses for Massive Data: Samples, Histograms, Wavelets, Sketches},
	Volume = {4},
	Year = {2012}
}

@article{linearizability,
	Acmid = {78972},
	Address = {New York, NY, USA},
	Author = {Herlihy, Maurice P. and Wing, Jeannette M.},
	Doi = {10.1145/78969.78972},
	Issn = {0164-0925},
	Issue_Date = {July 1990},
	Journal = {ACM Trans. Program. Lang. Syst.},
	Month = jul,
	Number = {3},
	Numpages = {30},
	Pages = {463--492},
	Publisher = {ACM},
	Title = {Linearizability: A Correctness Condition for Concurrent Objects},
	Volume = {12},
	Year = {1990}
}

@misc{AWS4TB, 
	Key = {AWS Offers 4TB Memory Virtual Machines}, 
	Howpublished = {\url{https://www.infoq.com/news/2017/10/aws-offers-4tb-memory-instance}}, 
	Month = {Oct}, 
	Year = { 2017}
}

@misc{AWSInstanceTypes, 
	Key = {AWS Instance Types}, 
	Howpublished = {\url{https://aws.amazon.com/ec2/instance-types/}}, 
	Month = {Oct}, 
	Year = {2018}
}


@misc{Flurry,
	Date-Modified = {2018-08-28 12:30:52 +0300},
	Howpublished = {\url{https://developer.yahoo.com/flurry/docs/analytics/}},
	Key = {Flurry Analytics},
	Title = {(retrieved August 2018)}}

@custom{OakDruidIssue,
	Title = {Druid Integration with Oak},
	Howpublished = {Anonymized for blind review},
	Year = {2018}
	}


%@misc{OakDruidIssue,
%	Date-Modified = {2018-08-28 12:23:49 +0300},
%	Howpublished = {Anonymized for blind review},
%	Key = {Druid Integration with Oak},
%	Year = {2018}
%	}



@misc{DruidProcesses,
	Title = {Apach Druid (incubating) Processes and Servers},
	Howpublished = {\url{https://druid.apache.org/docs/latest/design/processes.html}},
	} 
	
@misc{Mobile,
	Date-Modified = {2018-08-28 12:31:25 +0300},
	Howpublished = {\url{http://flurrymobile.tumblr.com/post/169545749110/state-of-mobile-2017-mobile-stagnates}},
	Key = {Flurry State of Mobile},
	Year = {2017}
	}

@misc{Druid,
	Date-Modified = {2018-08-28 12:29:43 +0300},
	Howpublished = {\url{http://druid.io/}},
	Key = {Druid},
	Title = {(retrieved August 2018)}
	}

@misc{GC,
	Date-Modified = {2018-08-28 12:23:49 +0300},
	Howpublished = {\url{https://www.slideshare.net/cloudera/hbase-hug-presentation}},
	Key = {Avoiding Full GC},
	Year = {2011}
	}

@misc{HBase-off-heap,
	Author = {Yu Li  and Yu Sun and John, Anoop Sam and Vasudevan , Ramkrishna S },
	Date-Modified = {2018-08-28 12:33:30 +0300},
	Howpublished = {\url{https://blogs.apache.org/hbase/entry/offheap-read-path-in-production}},
	Key = {HBase off-heap},
	Month = {March},
	Title = {Offheap Read-Path in Production - The Alibaba story},
	Year = {2017}
	}

@misc{Druid-off-heap,
	Date-Modified = {2018-08-28 12:29:37 +0300},
	Howpublished = {\url{http://druid.io/docs/latest/operations/performance-faq.html}},
	Key = {Druid off-heap},
	Title = {(retrieved August 2018)}
	}

@inproceedings{related_1,
	Acmid = {2555267},
	Address = {New York, NY, USA},
	Author = {Brown, Trevor and Ellen, Faith and Ruppert, Eric},
	Booktitle = {Proceedings of the 19th ACM SIGPLAN Symposium on Principles and Practice of Parallel Programming},
	Doi = {10.1145/2555243.2555267},
	Isbn = {978-1-4503-2656-8},
	Keywords = {balanced binary search tree, chromatic tree, non-blocking, red-black tree, relaxed balance},
	Location = {Orlando, Florida, USA},
	Numpages = {14},
	Pages = {329--342},
	Publisher = {ACM},
	Series = {PPoPP '14},
	Title = {A General Technique for Non-blocking Trees},
	Year = {2014}
	}

@inproceedings{related_2,
	Acmid = {2529849},
	Address = {Berlin, Heidelberg},
	Author = {Crain, Tyler and Gramoli, Vincent and Raynal, Michel},
	Booktitle = {Proceedings of the 19th International Conference on Parallel Processing},
	Doi = {10.1007/978-3-642-40047-6_25},
	Isbn = {978-3-642-40046-9},
	Keywords = {binary tree, concurrent data structures, efficient implementation},
	Location = {Aachen, Germany},
	Numpages = {12},
	Pages = {229--240},
	Publisher = {Springer-Verlag},
	Series = {Euro-Par'13},
	Title = {A Contention-friendly Binary Search Tree},
	Year = {2013}
}

@inproceedings{related_3,
	Acmid = {2555269},
	Address = {New York, NY, USA},
	Author = {Drachsler, Dana and Vechev, Martin and Yahav, Eran},
	Booktitle = {Proceedings of the 19th ACM SIGPLAN Symposium on Principles and Practice of Parallel Programming},
	Doi = {10.1145/2555243.2555269},
	Isbn = {978-1-4503-2656-8},
	Keywords = {concurrency, search trees},
	Location = {Orlando, Florida, USA},
	Numpages = {14},
	Pages = {343--356},
	Publisher = {ACM},
	Series = {PPoPP '14},
	Title = {Practical Concurrent Binary Search Trees via Logical Ordering},
	Year = {2014}
}

@inproceedings{related_4,
	Acmid = {2555256},
	Address = {New York, NY, USA},
	Author = {Natarajan, Aravind and Mittal, Neeraj},
	Booktitle = {Proceedings of the 19th ACM SIGPLAN Symposium on Principles and Practice of Parallel Programming},
	Doi = {10.1145/2555243.2555256},
	Isbn = {978-1-4503-2656-8},
	Keywords = {binary search tree, concurrent data structure, lock-free algorithm},
	Location = {Orlando, Florida, USA},
	Numpages = {12},
	Pages = {317--328},
	Publisher = {ACM},
	Series = {PPoPP '14},
	Title = {Fast Concurrent Lock-free Binary Search Trees},
	Year = {2014}
	}

@inproceedings{related_5,
	Acmid = {1835736},
	Address = {New York, NY, USA},
	Author = {Ellen, Faith and Fatourou, Panagiota and Ruppert, Eric and van Breugel, Franck},
	Booktitle = {Proceedings of the 29th ACM SIGACT-SIGOPS Symposium on Principles of Distributed Computing},
	Doi = {10.1145/1835698.1835736},
	Isbn = {978-1-60558-888-9},
	Keywords = {binary search tree, cas, non-blocking, shared memory},
	Location = {Zurich, Switzerland},
	Numpages = {10},
	Pages = {131--140},
	Publisher = {ACM},
	Series = {PODC '10},
	Title = {Non-blocking Binary Search Trees},
	Year = {2010}
}

@inproceedings{related_6,
	Acmid = {1693488},
	Address = {New York, NY, USA},
	Author = {Bronson, Nathan G. and Casper, Jared and Chafi, Hassan and Olukotun, Kunle},
	Booktitle = {Proceedings of the 15th ACM SIGPLAN Symposium on Principles and Practice of Parallel Programming},
	Doi = {10.1145/1693453.1693488},
	Isbn = {978-1-60558-877-3},
	Keywords = {optimistic concurrency, snapshot isolation},
	Location = {Bangalore, India},
	Numpages = {12},
	Pages = {257--268},
	Publisher = {ACM},
	Series = {PPoPP '10},
	Title = {A Practical Concurrent Binary Search Tree},
	Year = {2010}
}

@inproceedings{related_7,
	Acmid = {2427875},
	Address = {Berlin, Heidelberg},
	Author = {Afek, Yehuda and Kaplan, Haim and Korenfeld, Boris and Morrison, Adam and Tarjan, Robert E.},
	Booktitle = {Proceedings of the 26th International Conference on Distributed Computing},
	Doi = {10.1007/978-3-642-33651-5_1},
	Isbn = {978-3-642-33650-8},
	Location = {Salvador, Brazil},
	Numpages = {15},
	Pages = {1--15},
	Publisher = {Springer-Verlag},
	Series = {DISC'12},
	Title = {CBTree: A Practical Concurrent Self-adjusting Search Tree},
	Year = {2012}
	}

@inproceedings{related_8,
	Author = {Herlihy, Maurice and Lev, Yossi and Luchangco, Victor and Shavit, Nir},
	Booktitle = {Conference On Principles of Distributed Systems (OPODIS)},
	Organization = {Citeseer},
	Title = {A provably correct scalable concurrent skip list},
	Year = {2006}
	}

@inproceedings{related_9,
	Author = {Crain, Tyler and Gramoli, Vincent and Raynal, Michel},
	Booktitle = {2013 IEEE 33rd International Conference on Distributed Computing Systems},
	Doi = {10.1109/ICDCS.2013.42},
	Issn = {1063-6927},
	Keywords = {concurrency control;data structures;database management systems;synchronisation;JDK nonblocking skip list;SPECjbb nonblocking skip list;eager abstract modification;lazy selective adaptation;nonblocking skip list algorithm;synchronization;Abstracts;Complexity theory;Data structures;Dictionaries;Java;Poles and towers;Synchronization;contention;data structure;lock-freedom},
	Month = {July},
	Pages = {196-205},
	Title = {No Hot Spot Non-blocking Skip List},
	Year = {2013}
	}

@techreport{related_10,
	Author = {Fraser, Keir},
	Institution = {University of Cambridge, Computer Laboratory},
	Title = {Practical lock-freedom},
	Year = {2004}
	}

@inproceedings{related_11,
	Author = {Brown, Trevor and Avni, Hillel},
	Booktitle = {International Conference On Principles Of Distributed Systems},
	Organization = {Springer},
	Pages = {31--45},
	Title = {Range queries in non-blocking k-ary search trees},
	Year = {2012}
	}

@inproceedings{persistent,
	Address = {Houston, TX, USA},
	Author = {Chandramouli, Badrish and Prasaad, Guna and Kossmann, Donald and Levandoski, Justin and Hunter, James and Barnett, Mike},
	Booktitle = {SIGMOD'18},
	Date-Modified = {2018-08-28 12:26:32 +0300},
	Month = {June},
	Title = {Faster: A Concurrent Key-Value Store with In-Place Updates},
	Year = {2018}
	}
